<?xml version="1.0" encoding="UTF-8"?><collection xmlns="http://www.loc.gov/MARC21/slim"><record><leader>00644nam--2200181-i-4500</leader><controlfield tag="001">000015270</controlfield><controlfield tag="002">20161230</controlfield><controlfield tag="005">20161230201031</controlfield><controlfield tag="008">060222s1000------------r-----000-0-fre-d</controlfield><datafield ind1=" " ind2=" " tag="040"><subfield code="a">IFIN-HH</subfield></datafield><datafield ind1=" " ind2=" " tag="041"><subfield code="a">fre</subfield></datafield><datafield ind1=" " ind2=" " tag="080"><subfield code="a">539.172.8L7(043)</subfield></datafield><datafield ind1="1" ind2=" " tag="100"><subfield code="a">Cabot,Claude</subfield></datafield><datafield ind1="1" ind2="0" tag="245"><subfield code="a">Etude experimentale de la formation et de la desexcitation des noyaux de fusion de masse a l5o formes par bombardement d ions lords d energie 3 a 5 mev/nucleon.emission d un fai ble nombre de neutrons (l,2 ou 3)</subfield><subfield code="b">These</subfield><subfield code="c">Claude cabot</subfield></datafield><datafield ind1=" " ind2=" " tag="260"><subfield code="a">Orsay</subfield><subfield code="b">Universite Paris-sud</subfield><subfield code="c">1982</subfield></datafield><datafield ind1=" " ind2=" " tag="300"><subfield code="a">175 P</subfield></datafield><datafield ind1=" " ind2=" " tag="852"><subfield code="a">71786</subfield><subfield code="c">539.17</subfield></datafield><datafield ind1=" " ind2=" " tag="CAT"><subfield code="a">Sys</subfield><subfield code="c">20120621</subfield><subfield code="h">171600</subfield></datafield></record></collection>